<?xml version="1.0" encoding="UTF-8"?><collection xmlns="http://www.loc.gov/MARC21/slim"><record><leader>00436nam--2200169-u-4500</leader><controlfield tag="001">000055442</controlfield><controlfield tag="002">20161230</controlfield><controlfield tag="005">20161230201052</controlfield><controlfield tag="008">130211s1000------------r-----000-0-eng-d</controlfield><datafield ind1=" " ind2=" " tag="040"><subfield code="a">IFIN-HH</subfield></datafield><datafield ind1=" " ind2=" " tag="080"><subfield code="a">413.232=R=3</subfield></datafield><datafield ind1="1" ind2=" " tag="100"><subfield code="a">Isbasescu, Mihai</subfield></datafield><datafield ind1="1" ind2="0" tag="245"><subfield code="a">Dictionar roman-german</subfield><subfield code="c">Mihai isbasescu (red.)</subfield></datafield><datafield ind1=" " ind2=" " tag="260"><subfield code="a">Bucuresti</subfield><subfield code="b">Editura Stiintifica</subfield><subfield code="c">1963</subfield></datafield><datafield ind1=" " ind2=" " tag="300"><subfield code="a">733P</subfield></datafield><datafield ind1=" " ind2=" " tag="852"><subfield code="a">D.295</subfield><subfield code="c">SLG</subfield></datafield><datafield ind1=" " ind2=" " tag="CAT"><subfield code="a">Sys</subfield><subfield code="c">20130211</subfield><subfield code="h">094950</subfield></datafield></record></collection>